@book{CleanCodeBook,
    author = {Robert Cecil Martin},
    title = {Clean Code},
    date = {2008},
}